@article{ramachandra2017presentation,
	title={Presentation attack detection methods for face recognition systems: A comprehensive survey},
	author={Ramachandra, Raghavendra and Busch, Christoph},
	journal={ACM Computing Surveys (CSUR)},
	volume={50},
	number={1},
	pages={1--37},
	year={2017},
	publisher={ACM New York, NY, USA}
}

@inproceedings{maatta2011face,
	title={Face spoofing detection from single images using micro-texture analysis},
	author={M{\"a}{\"a}tt{\"a}, Jukka and Hadid, Abdenour and Pietik{\"a}inen, Matti},
	booktitle={2011 international joint conference on Biometrics (IJCB)},
	pages={1--7},
	year={2011},
	organization={IEEE}
}

@inproceedings{chingovska2012effectiveness,
	title={On the effectiveness of local binary patterns in face anti-spoofing},
	author={Chingovska, Ivana and Anjos, Andr{\'e} and Marcel, S{\'e}bastien},
	booktitle={2012 BIOSIG-proceedings of the international conference of biometrics special interest group (BIOSIG)},
	pages={1--7},
	year={2012},
	organization={IEEE}
}

@article{yang2014learn,
	title={Learn convolutional neural network for face anti-spoofing},
	author={Yang, Jianwei and Lei, Zhen and Li, Stan Z},
	journal={arXiv preprint arXiv:1408.5601},
	year={2014}
}

@inproceedings{li2016original,
	title={An original face anti-spoofing approach using partial convolutional neural network},
	author={Li, Lei and Feng, Xiaoyi and Boulkenafet, Zinelabidine and Xia, Zhaoqiang and Li, Mingming and Hadid, Abdenour},
	booktitle={2016 Sixth International Conference on Image Processing Theory, Tools and Applications (IPTA)},
	pages={1--6},
	year={2016},
	organization={IEEE}
}

@inproceedings{atoum2017face,
	title={Face anti-spoofing using patch and depth-based CNNs},
	author={Atoum, Yousef and Liu, Yaojie and Jourabloo, Amin and Liu, Xiaoming},
	booktitle={2017 IEEE International Joint Conference on Biometrics (IJCB)},
	pages={319--328},
	year={2017},
	organization={IEEE}
}

@inproceedings{juefei2017local,
	title={Local binary convolutional neural networks},
	author={Juefei-Xu, Felix and Naresh Boddeti, Vishnu and Savvides, Marios},
	booktitle={Proceedings of the IEEE conference on computer vision and pattern recognition},
	pages={19--28},
	year={2017}
}

@inproceedings{yu2020searching,
	title={Searching central difference convolutional networks for face anti-spoofing},
	author={Yu, Zitong and Zhao, Chenxu and Wang, Zezheng and Qin, Yunxiao and Su, Zhuo and Li, Xiaobai and Zhou, Feng and Zhao, Guoying},
	booktitle={Proceedings of the IEEE/CVF Conference on Computer Vision and Pattern Recognition},
	pages={5295--5305},
	year={2020}
}

@article{yu2021deep,
	title={Deep learning for face anti-spoofing: A survey},
	author={Yu, Zitong and Qin, Yunxiao and Li, Xiaobai and Zhao, Chenxu and Lei, Zhen and Zhao, Guoying},
	journal={arXiv preprint arXiv:2106.14948},
	year={2021}
}

@incollection{li2019face,
	title={Face anti-spoofing via deep local binary pattern},
	author={Li, Lei and Feng, Xiaoyi},
	booktitle={Deep Learning in Object Detection and Recognition},
	pages={91--111},
	year={2019},
	publisher={Springer}
}

@inproceedings{shao2019multi,
	title={Multi-adversarial discriminative deep domain generalization for face presentation attack detection},
	author={Shao, Rui and Lan, Xiangyuan and Li, Jiawei and Yuen, Pong C},
	booktitle={Proceedings of the IEEE/CVF Conference on Computer Vision and Pattern Recognition},
	pages={10023--10031},
	year={2019}
}

@inproceedings{jia2020single,
	title={Single-side domain generalization for face anti-spoofing},
	author={Jia, Yunpei and Zhang, Jie and Shan, Shiguang and Chen, Xilin},
	booktitle={Proceedings of the IEEE/CVF Conference on Computer Vision and Pattern Recognition},
	pages={8484--8493},
	year={2020}
}

@inproceedings{perez2019deep,
	title={Deep anomaly detection for generalized face anti-spoofing},
	author={P{\'e}rez-Cabo, Daniel and Jim{\'e}nez-Cabello, David and Costa-Pazo, Artur and L{\'o}pez-Sastre, Roberto J},
	booktitle={Proceedings of the IEEE/CVF Conference on Computer Vision and Pattern Recognition Workshops},
	pages={0--0},
	year={2019}
}

@article{feng2020learning,
	title={Learning generalized spoof cues for face anti-spoofing},
	author={Feng, Haocheng and Hong, Zhibin and Yue, Haixiao and Chen, Yang and Wang, Keyao and Han, Junyu and Liu, Jingtuo and Ding, Errui},
	journal={arXiv preprint arXiv:2005.03922},
	year={2020}
}

@article{tu2020learning,
	title={Learning generalizable and identity-discriminative representations for face anti-spoofing},
	author={Tu, Xiaoguang and Ma, Zheng and Zhao, Jian and Du, Guodong and Xie, Mei and Feng, Jiashi},
	journal={ACM Transactions on Intelligent Systems and Technology (TIST)},
	volume={11},
	number={5},
	pages={1--19},
	year={2020},
	publisher={ACM New York, NY, USA}
}

@inproceedings{jourabloo2018face,
	title={Face de-spoofing: Anti-spoofing via noise modeling},
	author={Jourabloo, Amin and Liu, Yaojie and Liu, Xiaoming},
	booktitle={Proceedings of the European conference on computer vision (ECCV)},
	pages={290--306},
	year={2018}
}

@inproceedings{liu2020disentangling,
	title={On disentangling spoof trace for generic face anti-spoofing},
	author={Liu, Yaojie and Stehouwer, Joel and Liu, Xiaoming},
	booktitle={European Conference on Computer Vision},
	pages={406--422},
	year={2020},
	organization={Springer}
}

@article{yu2020fas,
	title={NAS-FAS: Static-dynamic central difference network search for face anti-spoofing},
	author={Yu, Zitong and Wan, Jun and Qin, Yunxiao and Li, Xiaobai and Li, Stan Z and Zhao, Guoying},
	journal={IEEE transactions on pattern analysis and machine intelligence},
	volume={43},
	number={9},
	pages={3005--3023},
	year={2020},
	publisher={IEEE}
}

@inproceedings{deng2019arcface,
	title={Arcface: Additive angular margin loss for deep face recognition},
	author={Deng, Jiankang and Guo, Jia and Xue, Niannan and Zafeiriou, Stefanos},
	booktitle={Proceedings of the IEEE/CVF conference on computer vision and pattern recognition},
	pages={4690--4699},
	year={2019}
}

@inproceedings{liu2018learning,
	title={Learning deep models for face anti-spoofing: Binary or auxiliary supervision},
	author={Liu, Yaojie and Jourabloo, Amin and Liu, Xiaoming},
	booktitle={Proceedings of the IEEE conference on computer vision and pattern recognition},
	pages={389--398},
	year={2018}
}

@article{wen2015face,
	title={Face spoof detection with image distortion analysis},
	author={Wen, Di and Han, Hu and Jain, Anil K},
	journal={IEEE Transactions on Information Forensics and Security},
	volume={10},
	number={4},
	pages={746--761},
	year={2015},
	publisher={IEEE}
}

@inproceedings{zhang2012face,
	title={A face antispoofing database with diverse attacks},
	author={Zhang, Zhiwei and Yan, Junjie and Liu, Sifei and Lei, Zhen and Yi, Dong and Li, Stan Z},
	booktitle={2012 5th IAPR international conference on Biometrics (ICB)},
	pages={26--31},
	year={2012},
	organization={IEEE}
}

@inproceedings{boulkenafet2017oulu,
	title={OULU-NPU: A mobile face presentation attack database with real-world variations},
	author={Boulkenafet, Zinelabinde and Komulainen, Jukka and Li, Lei and Feng, Xiaoyi and Hadid, Abdenour},
	booktitle={2017 12th IEEE international conference on automatic face \& gesture recognition (FG 2017)},
	pages={612--618},
	year={2017},
	organization={IEEE}
}

@inproceedings{wang2020deep,
	title={Deep spatial gradient and temporal depth learning for face anti-spoofing},
	author={Wang, Zezheng and Yu, Zitong and Zhao, Chenxu and Zhu, Xiangyu and Qin, Yunxiao and Zhou, Qiusheng and Zhou, Feng and Lei, Zhen},
	booktitle={Proceedings of the IEEE/CVF Conference on Computer Vision and Pattern Recognition},
	pages={5042--5051},
	year={2020}
}


@inproceedings{yang2019face,
	title={Face anti-spoofing: Model matters, so does data},
	author={Yang, Xiao and Luo, Wenhan and Bao, Linchao and Gao, Yuan and Gong, Dihong and Zheng, Shibao and Li, Zhifeng and Liu, Wei},
	booktitle={Proceedings of the IEEE/CVF Conference on Computer Vision and Pattern Recognition},
	pages={3507--3516},
	year={2019}
}

@inproceedings{george2019deep,
	title={Deep pixel-wise binary supervision for face presentation attack detection},
	author={George, Anjith and Marcel, S{\'e}bastien},
	booktitle={2019 International Conference on Biometrics (ICB)},
	pages={1--8},
	year={2019},
	organization={IEEE}
}

@article{wang2018exploiting,
	title={Exploiting temporal and depth information for multi-frame face anti-spoofing},
	author={Wang, Zezheng and Zhao, Chenxu and Qin, Yunxiao and Zhou, Qiusheng and Qi, Guojun and Wan, Jun and Lei, Zhen},
	journal={arXiv preprint arXiv:1811.05118},
	year={2018}
}

@inproceedings{li20203dpc,
	title={3DPC-net: 3D point cloud network for face anti-spoofing},
	author={Li, Xuan and Wan, Jun and Jin, Yi and Liu, Ajian and Guo, Guodong and Li, Stan Z},
	booktitle={2020 IEEE International Joint Conference on Biometrics (IJCB)},
	pages={1--8},
	year={2020},
	organization={IEEE}
}

@inproceedings{yu2020auto,
	title={Auto-fas: Searching lightweight networks for face anti-spoofing},
	author={Yu, Zitong and Qin, Yunxiao and Xu, Xiaqing and Zhao, Chenxu and Wang, Zezheng and Lei, Zhen and Zhao, Guoying},
	booktitle={ICASSP 2020-2020 IEEE International Conference on Acoustics, Speech and Signal Processing (ICASSP)},
	pages={996--1000},
	year={2020},
	organization={IEEE}
}

@article{rehman2020enhancing,
	title={Enhancing deep discriminative feature maps via perturbation for face presentation attack detection},
	author={Rehman, Yasar Abbas Ur and Po, Lai-Man and Komulainen, Jukka},
	journal={Image and Vision Computing},
	volume={94},
	pages={103858},
	year={2020},
	publisher={Elsevier}
}




@article{goodfellow2014generative,
	title={Generative adversarial nets},
	author={Goodfellow, Ian and Pouget-Abadie, Jean and Mirza, Mehdi and Xu, Bing and Warde-Farley, David and Ozair, Sherjil and Courville, Aaron and Bengio, Yoshua},
	journal={Advances in neural information processing systems},
	volume={27},
	year={2014}
}

@article{zhang2016joint,
	title={Joint face detection and alignment using multitask cascaded convolutional networks},
	author={Zhang, Kaipeng and Zhang, Zhanpeng and Li, Zhifeng and Qiao, Yu},
	journal={IEEE signal processing letters},
	volume={23},
	number={10},
	pages={1499--1503},
	year={2016},
	publisher={IEEE}
}

@inproceedings{schroff2015facenet,
	title={Facenet: A unified embedding for face recognition and clustering},
	author={Schroff, Florian and Kalenichenko, Dmitry and Philbin, James},
	booktitle={Proceedings of the IEEE conference on computer vision and pattern recognition},
	pages={815--823},
	year={2015}
}

@inproceedings{xu2021improving,
	title={On Improving Temporal Consistency for Online Face Liveness Detection System},
	author={Xu, Xiang and Xiong, Yuanjun and Xia, Wei},
	booktitle={Proceedings of the IEEE/CVF International Conference on Computer Vision},
	pages={824--833},
	year={2021}
}

@article{kingma2014adam,
	title={Adam: A method for stochastic optimization},
	author={Kingma, Diederik P and Ba, Jimmy},
	journal={arXiv preprint arXiv:1412.6980},
	year={2014}
}

@article{srivastava2014dropout,
	title={Dropout: a simple way to prevent neural networks from overfitting},
	author={Srivastava, Nitish and Hinton, Geoffrey and Krizhevsky, Alex and Sutskever, Ilya and Salakhutdinov, Ruslan},
	journal={The journal of machine learning research},
	volume={15},
	number={1},
	pages={1929--1958},
	year={2014},
	publisher={JMLR. org}
}

@inproceedings{tan2019efficientnet,
	title={Efficientnet: Rethinking model scaling for convolutional neural networks},
	author={Tan, Mingxing and Le, Quoc},
	booktitle={International conference on machine learning},
	pages={6105--6114},
	year={2019},
	organization={PMLR}
}

@article{ojala2002multiresolution,
	title={Multiresolution gray-scale and rotation invariant texture classification with local binary patterns},
	author={Ojala, Timo and Pietikainen, Matti and Maenpaa, Topi},
	journal={IEEE Transactions on pattern analysis and machine intelligence},
	volume={24},
	number={7},
	pages={971--987},
	year={2002},
	publisher={IEEE}
}

@article{parkhi2015deep,
	title={Deep face recognition},
	author={Parkhi, Omkar M and Vedaldi, Andrea and Zisserman, Andrew},
	year={2015},
	publisher={British Machine Vision Association}
}


@inproceedings{zhong2020random,
	title={Random erasing data augmentation},
	author={Zhong, Zhun and Zheng, Liang and Kang, Guoliang and Li, Shaozi and Yang, Yi},
	booktitle={Proceedings of the AAAI conference on artificial intelligence},
	volume={34},
	number={07},
	pages={13001--13008},
	year={2020}
}

@article{krizhevsky2012imagenet,
	title={Imagenet classification with deep convolutional neural networks},
	author={Krizhevsky, Alex and Sutskever, Ilya and Hinton, Geoffrey E},
	journal={Advances in neural information processing systems},
	volume={25},
	year={2012}
}

@inproceedings{freitas2012lbp,
	title={LBP- TOP based countermeasure against face spoofing attacks},
	author={Freitas Pereira, Tiago de and Anjos, Andr{\'e} and Martino, Jos{\'e} Mario De and Marcel, S{\'e}bastien},
	booktitle={Asian Conference on Computer Vision},
	pages={121--132},
	year={2012},
	organization={Springer}
}

@inproceedings{gan20173d,
	title={3d convolutional neural network based on face anti-spoofing},
	author={Gan, Junying and Li, Shanlu and Zhai, Yikui and Liu, Chengyun},
	booktitle={2017 2nd international conference on multimedia and image processing (ICMIP)},
	pages={1--5},
	year={2017},
	organization={IEEE}
}


@article{li2018learning,
	title={Learning generalized deep feature representation for face anti-spoofing},
	author={Li, Haoliang and He, Peisong and Wang, Shiqi and Rocha, Anderson and Jiang, Xinghao and Kot, Alex C},
	journal={IEEE Transactions on Information Forensics and Security},
	volume={13},
	number={10},
	pages={2639--2652},
	year={2018},
	publisher={IEEE}
}

@article{hochreiter1997long,
	title={Long short-term memory},
	author={Hochreiter, Sepp and Schmidhuber, J{\"u}rgen},
	journal={Neural computation},
	volume={9},
	number={8},
	pages={1735--1780},
	year={1997},
	publisher={MIT Press}
}

@inproceedings{xu2015learning,
	title={Learning temporal features using LSTM-CNN architecture for face anti-spoofing},
	author={Xu, Zhenqi and Li, Shan and Deng, Weihong},
	booktitle={2015 3rd IAPR asian conference on pattern recognition (ACPR)},
	pages={141--145},
	year={2015},
	organization={IEEE}
}

@inproceedings{feng2018joint,
	title={Joint 3d face reconstruction and dense alignment with position map regression network},
	author={Feng, Yao and Wu, Fan and Shao, Xiaohu and Wang, Yanfeng and Zhou, Xi},
	booktitle={Proceedings of the European conference on computer vision (ECCV)},
	pages={534--551},
	year={2018}
}

@article{cho2014learning,
	title={Learning phrase representations using RNN encoder-decoder for statistical machine translation},
	author={Cho, Kyunghyun and Van Merri{\"e}nboer, Bart and Gulcehre, Caglar and Bahdanau, Dzmitry and Bougares, Fethi and Schwenk, Holger and Bengio, Yoshua},
	journal={arXiv preprint arXiv:1406.1078},
	year={2014}
}

@article{zoph2016neural,
	title={Neural architecture search with reinforcement learning},
	author={Zoph, Barret and Le, Quoc V},
	journal={arXiv preprint arXiv:1611.01578},
	year={2016}
}

@inproceedings{huang2017densely,
	title={Densely connected convolutional networks},
	author={Huang, Gao and Liu, Zhuang and Van Der Maaten, Laurens and Weinberger, Kilian Q},
	booktitle={Proceedings of the IEEE conference on computer vision and pattern recognition},
	pages={4700--4708},
	year={2017}
}

@article{george2020learning,
	title={Learning one class representations for face presentation attack detection using multi-channel convolutional neural networks},
	author={George, Anjith and Marcel, S{\'e}bastien},
	journal={IEEE Transactions on Information Forensics and Security},
	volume={16},
	pages={361--375},
	year={2020},
	publisher={IEEE}
}

@inproceedings{ronneberger2015u,
	title={U-net: Convolutional networks for biomedical image segmentation},
	author={Ronneberger, Olaf and Fischer, Philipp and Brox, Thomas},
	booktitle={International Conference on Medical image computing and computer-assisted intervention},
	pages={234--241},
	year={2015},
	organization={Springer}
}

@inproceedings{zhang2020face,
	title={Face anti-spoofing via disentangled representation learning},
	author={Zhang, Ke-Yue and Yao, Taiping and Zhang, Jian and Tai, Ying and Ding, Shouhong and Li, Jilin and Huang, Feiyue and Song, Haichuan and Ma, Lizhuang},
	booktitle={European Conference on Computer Vision},
	pages={641--657},
	year={2020},
	organization={Springer}
}

@inproceedings{yu2020face,
	title={Face anti-spoofing with human material perception},
	author={Yu, Zitong and Li, Xiaobai and Niu, Xuesong and Shi, Jingang and Zhao, Guoying},
	booktitle={European Conference on Computer Vision},
	pages={557--575},
	year={2020},
	organization={Springer}
}


@inproceedings{tomasi1998bilateral,
	title={Bilateral filtering for gray and color images},
	author={Tomasi, Carlo and Manduchi, Roberto},
	booktitle={Sixth international conference on computer vision (IEEE Cat. No. 98CH36271)},
	pages={839--846},
	year={1998},
	organization={IEEE}
}


